@article{MindBowser2017ChatbotSurvey,
    title = {{Chatbot Survey 2017 a Research Study By Mindbowser in Association With 'Chatbots Journal' Current State of Chatbots and Their Outlook in 2017 Introduction To the the Survey}},
    year = {2017},
    journal = {Chatbots Journal},
    author = {{Mind Bowser}}
}

@misc{Gartner2018GartnerYears,
    title = {{Gartner 2018 Hype Cycle for the Digital Workplace Classifies Seven Technologies to Reach Mainstream Adoption Within the Next Two to Five Years}},
    year = {2018},
    author = {{Gartner}},
    url = {https://www.gartner.com/en/newsroom/press-releases/2018-08-30-gartner-2018-hype-cycle-for-the-digital-workplace-classifies-seven-technologies-to-reach-mainstream-adoption-within-the-next-two-to-five-years}
}

@misc{Gartner2018GartnerGartner,
    title = {{Gartner Top Strategic Predictions for 2018 and Beyond - Smarter With Gartner}},
    year = {2018},
    author = {{Gartner}},
    url = {https://www.gartner.com/smarterwithgartner/gartner-top-strategic-predictions-for-2018-and-beyond/}
}

@misc{GatewaySun2016Gartner:Robots,
    title = {{Gartner: No more apps by 2020 and robots will create robots}},
    year = {2016},
    author = {{Gateway Sun}},
    url = {http://gatewaysun.com/2015/10/06/gartner-no-more-apps-by-2020-and-robots-will-create-robots/}
}

@article{Reshmi2016ImplementationBases,
    title = {{Implementation of an inquisitive chatbot for database supported knowledge bases}},
    year = {2016},
    journal = {Sadhana - Academy Proceedings in Engineering Sciences},
    author = {Reshmi, S. and Balakrishnan, Kannan},
    number = {10},
    pages = {1173--1178},
    volume = {41},
    isbn = {1111111111},
    doi = {10.1007/s12046-016-0544-1},
    issn = {09737677},
    pmid = {28231323},
    arxivId = {1609.04285},
    keywords = {AIML, Chatbot, intelligent conversional agents, knowledge base}
}

@article{MobileTime2018MensageriaBrasil,
    title = {{Mensageria no Brasil}},
    year = {2018},
    author = {{Mobile Time}},
    pages = {10}
}

@article{SalesforceDriftAudience2018TheReport,
    title = {{The 2018 State of Chatbots Report}},
    year = {2018},
    author = {Salesforce, Drift, Audience, Myclever},
    pages = {5},
    url = {https://blog.drift.com/wp-content/uploads/2018/01/2018-state-of-chatbots-report.pdf}
}